@book{knjiga,
  title={{Ethics for the information age}},
  author={Michael J. Quinn},
  isbn={978-0-13-374162-9},
  url={https://staff.emu.edu.tr/mobinabeheshti/documents/courses/itec%20317/book-ethics%20for%20the%20information%20age.pdf}{Ethics for the information age},
  year={2015},
  publisher={Pearson Education},
  address = {One Lake
Street, Upper Saddle River, New Jersey 07458}
}

@misc{sajber,
title = {{Cybercriminals}},
note = {\url{https://www.trendmicro.com/vinfo/us/security/definition/cybercriminals}},
author = {Trend Micro},
year = {2019}
}

@misc{gcc,
title = {{GNU gcc}},
note = {on-line at: \url{http://gcc.gnu.org/}},
    author = {Free Software Foundation},
    year = {2013}
}

@article{haltingproblem,
    author = {Turing, A. M.},
    citeulike-article-id = {155758},
    journal = {Proceedings of the London Mathematical Society},
    keywords = {computability, entscheidungsproblem, turing},
    number = {42},
    pages = {230--265},
    posted-at = {2005-04-08 18:11:59},
    priority = {0},
    title = {{On Computable Numbers, with an application to the Entscheidungsproblem}},
    volume = {2},
    year = {1936}
}

