@book{knjiga,
  title = {\href{https://staff.emu.edu.tr/mobinabeheshti/documents/courses/itec\%20317/book-ethics\%20for\%20the\%20information\%20age.pdf}{Ethics for the information age}},
  author={Michael J. Quinn},
  isbn={978-0-13-374162-9},
  year={2015},
  publisher={Pearson Education},
  address = {One Lake
Street, Upper Saddle River, New Jersey 07458}
}

@misc{sql_injection,
title = {\href{https://www.w3schools.com/sql/sql_injection.asp}{SQL Injection}},
author = {W3Schools}
}

@misc{gci,
title = {\href{https://www.itu.int/dms_pub/itu-d/opb/str/D-STR-GCI.01-2017-PDF-E.pdf}{Global Cybersecurity Index 2017}},
author = {Brahima Sanou}
}

@misc{apwg,
title = {\href{https://www.apwg.org//apwg-news-center/}{APWG News}},
author = {{APWG.org}},
}

@misc{ddos,
title = {\href{https://www.paloaltonetworks.com/cyberpedia/what-is-a-denial-of-service-attack-dos}{What is a Denial-of-Service attack?}},
author = {Palo Alto Networks},
}
